%%%%%%%%%%%%%%%%%%%%%%%%%%%%%%%%%%%%%%%%%%%%%%
% References by William J. Zeng
% Spring 2015
%%%%%%%%%%%%%%%%%%%%%%%%%%%%%%%%%%%%%%%%%%%%%%


%%%%%%%%%%%%%%%%%%%%%%%%%%%%%%%%%%%%%%%%%%%%%%
% Diagrams and Categories &
% Abstract Process Theories
%%%%%%%%%%%%%%%%%%%%%%%%%%%%%%%%%%%%%%%%%%%%%%

@article{coecke2011interacting,
  title={Interacting quantum observables: categorical algebra and diagrammatics},
  author={Coecke, Bob and Duncan, Ross},
  journal={New Journal of Physics},
  volume={13},
  number={4},
  pages={043016},
  year={2011},
  publisher={IOP Publishing}
}

@book{cqm-notes,
  author = {Chris Heunen and Jamie Vicary},
  title = {Categories for Quantum Theory: An Introduction},
  publisher = {Oxford University Press},
  year = {to appear 2015}
}

@book{qcs-notes,
  author = {Bob Coecke and Aleks Kissinger},
  title = {Picturing Quantum Processes},
  year = {to appear 2015},
  publisher = {Cambridge University Press}
}

@article{joyal1993braided,
  title={Braided tensor categories},
  author={Joyal, Andr{\'e} and Street, Ross},
  journal={Advances in Mathematics},
  volume={102},
  number={1},
  pages={20--78},
  year={1993},
  publisher={Elsevier}
}

@inproceedings{mac1969one,
  title={One universe as a foundation for category theory},
  author={Mac Lane, Saunders},
  booktitle={Reports of the Midwest Category Seminar III},
  pages={192--200},
  year={1969},
  organization={Springer}
}

@incollection{selinger2011survey,
  title={A survey of graphical languages for monoidal categories},
  author={Selinger, Peter},
  booktitle={New structures for physics},
  pages={289--355},
  year={2011},
  publisher={Springer}
}

@article{joyal1991geometry,
  title={The geometry of tensor calculus, I},
  author={Joyal, Andr{\'e} and Street, Ross},
  journal={Advances in Mathematics},
  volume={88},
  number={1},
  pages={55--112},
  year={1991},
  publisher={Elsevier}
}

@article{kelly1980coherence,
  title={Coherence for compact closed categories},
  author={Kelly, Gregory M and Laplaza, Miguel L},
  journal={Journal of Pure and Applied Algebra},
  volume={19},
  pages={193--213},
  year={1980},
  publisher={Elsevier}
}

@inproceedings{abramsky2004categorical,
  title={A categorical semantics of quantum protocols},
  author={Abramsky, Samson and Coecke, Bob},
  booktitle={Logic in Computer Science, 2004. Proceedings of the 19th Annual IEEE Symposium on},
  pages={415--425},
  year={2004},
  organization={IEEE}
}

@article{vicary2011completeness,
  title={Completeness ofâ€ -categories and the complex numbers},
  author={Vicary, Jamie},
  journal={Journal of Mathematical Physics},
  volume={52},
  number={8},
  pages={082104},
  year={2011},
  publisher={AIP Publishing}
}

@article{coecke2013new,
  title={A new description of orthogonal bases},
  author={Coecke, Bob and Pavlovic, Dusko and Vicary, Jamie},
  journal={Mathematical Structures in Computer Science},
  volume={23},
  number={03},
  pages={555--567},
  year={2013},
  publisher={Cambridge Univ Press}
}

@article{abramsky2012h,
  title={H*-algebras and nonunital Frobenius algebras: first steps in infinite-dimensional categorical quantum mechanics},
  author={Abramsky, Samson and Heunen, Chris},
  journal={Clifford Lectures},
  volume={71},
  pages={1--24},
  year={2012}
}

%%%%%%%%%%%%%%%%%%%%%%%%%%%%%%%%%%%%%%%%%%%%%%
% CQM Protocols
%%%%%%%%%%%%%%%%%%%%%%%%%%%%%%%%%%%%%%%%%%%%%%

%%%%%%%%%%%%%%%%%%%%%%%%%%%%%%%%%%%%%%%%%%%%%%
% Quantum Blackbox Algorithms
%%%%%%%%%%%%%%%%%%%%%%%%%%%%%%%%%%%%%%%%%%%%%%

@inproceedings{vicary-tqa,
  title={Topological Structure of Quantum Algorithms},
  author={Vicary, Jamie},
  booktitle={Proceedings of the 2013 28th Annual ACM/IEEE Symposium on Logic in Computer Science},
  pages={93--102},
  year={2013},
  organization={IEEE Computer Society}
}

@article{cleve1998quantum,
  title={Quantum algorithms revisited},
  author={Cleve, Richard and Ekert, Artur and Macchiavello, Chiara and Mosca, Michele},
  journal={Proceedings of the Royal Society of London. Series A: Mathematical, Physical and Engineering Sciences},
  volume={454},
  number={1969},
  pages={339--354},
  year={1998},
  publisher={The Royal Society}
}

@article{hoyer1999conjugated,
  title={Conjugated operators in quantum algorithms},
  author={H{\o}yer, Peter},
  journal={Physical Review A},
  volume={59},
  number={5},
  pages={3280},
  year={1999},
  publisher={APS}
}

@inproceedings{bernstein1993quantum,
  title={Quantum complexity theory},
  author={Bernstein, Ethan and Vazirani, Umesh},
  booktitle={Proceedings of the twenty-fifth annual ACM symposium on Theory of computing},
  pages={11--20},
  year={1993},
  organization={ACM}
}

@inproceedings{cleve2000fast,
  title={Fast parallel circuits for the quantum Fourier transform},
  author={Cleve, Richard and Watrous, John},
  booktitle={Foundations of Computer Science, 2000. Proceedings. 41st Annual Symposium on},
  pages={526--536},
  year={2000},
  organization={IEEE}
}

@article{childs2010quantum,
  title={Quantum algorithms for algebraic problems},
  author={Childs, Andrew M and Van Dam, Wim},
  journal={Reviews of Modern Physics},
  volume={82},
  number={1},
  pages={1},
  year={2010},
  publisher={APS}
}

@Book{artin-algebra,
  author = {Michael Artin},
  editor = {},
  title = {Algebra},
  publisher = {Prentice Hall},
  year = 1991
}

%%%%%%%%%%%%%%%%%%%%%%%%%%%%%%%%%%%%%%%%%%%%%%
% QAlgDisCo
%%%%%%%%%%%%%%%%%%%%%%%%%%%%%%%%%%%%%%%%%%%%%%

@Article{wiebe2012quantum,
  title = {Quantum algorithm for data fitting},
  author = {Wiebe, Nathan and Braun, Daniel and Lloyd, Seth},
  journal = {Physical Review Letters},
  volume = 109,
  number = 5,
  pages = 050505,
  year = 2012,
  publisher = {APS}
}

@Article{rebentrost2014quantum,
  title = {Quantum support vector machine for big data classification},
  author = {Rebentrost, Patrick and Mohseni, Masoud and Lloyd, Seth},
  journal = {Physical Review Letters},
  volume = 113,
  number = 13,
  pages = 130503,
  year = 2014,
  publisher = {APS}
}

@Article{low2014quantum,
  title = {Quantum inference on Bayesian networks},
  author = {Low, Guang Hao and Yoder, Theodore J and Chuang, Isaac L},
  journal = {Physical Review A},
  volume = 89,
  number = 6,
  pages = 062315,
  year = 2014,
  publisher = {APS}
}

@Article{wiebe2014quantum,
  title = {Quantum nearest-neighbor algorithms for machine learning},
  author = {Wiebe, Nathan and Kapoor, Ashish and Svore, Krysta},
  journal = {Quantum Information & Computation},
  year = 2015,
  volume = 15,
  number = {3 \& 4},
  pages = {0318-0358}
}

@Article{wiebe2014quantumDeepLearning,
  title = {Quantum Deep Learning},
  author = {Wiebe, Nathan and Kapoor, Ashish and Svore, Krysta M},
  journal = {arXiv preprint arXiv:1412.3489},
  year = 2014
}

@Article{wiebe2012quantum,
  title = {Quantum algorithm for data fitting},
  author = {Wiebe, Nathan and Braun, Daniel and Lloyd, Seth},
  journal = {Physical Review Letters},
  volume = 109,
  number = 5,
  pages = 050505,
  year = 2012,
  publisher = {APS}
}

@Article{wang2014quantum,
  title = {Quantum Algorithms for Curve Fitting},
  author = {Wang, Guoming},
  journal = {arXiv preprint arXiv:1402.0660},
  year = 2014
}

@InProceedings{clark2008compositional,
  title = {A compositional distributional model of meaning},
  author = {Clark, Stephen and Coecke, Bob and Sadrzadeh, Mehrnoosh},
  booktitle = {Proceedings of the Second Quantum Interaction Symposium (QI-2008)},
  pages = {133--140},
  year = 2008
}

@Article{schutze1998automatic,
  author = {Schutze, Hinrich},
  title = {Automatic word sense discrimination},
  year = 1998,
  journal = {Computational Linguistics},
  volume = 24,
  number = 1,
  pages = {97-123}
}

@Article{lambek2008word,
  author = {Lambek, Joachim},
  title = {From word to sentence},
  journal = {Polimetrica, Milan},
  year = 2008
}

@InProceedings{hermann2013role,
  author = {Hermann, Karl Moritz and Blunsom, Phil},
  title = {The Role of Syntax in Vector Space Models of Compositional Semantics},
  booktitle = {ACL (1)},
  year = 2013,
  pages = {894-904}
}

@Article{clark2013quantum,
  title = {A quantum teleportation inspired algorithm produces sentence meaning from word meaning and grammatical structure},
  author = {Clark, Stephen and Coecke, Bob and Grefenstette, Edward and Pulman, Stephen and Sadrzadeh, Mehrnoosh},
  journal = {arXiv preprint arXiv:1305.0556},
  year = 2013
}

@Article{coecke2010mathematical,
  author = {Coecke, Bob and Sadrzadeh, Mehrnoosh and Clark, Stephen},
  title = {Mathematical foundations for a compositional distributional model of meaning},
  journal = {Linguistic Analysis},
  year = 2010,
  volume = 36,
  note = {Special issue dedicated to Jim Lambek}
}

@InProceedings{kartsaklis2012unified,
  author = {Kartsaklis, Dimitri and Sadrzadeh, Mehrnoosh and Pulman, Stephen},
  title = {A unified sentence space for categorical distributional-compositional semantics: Theory and experiments},
  year = 2012,
  booktitle = {In Proceedings of COLING: Posters}
}

@Article{experimental-catcompdist,
  author = {Edward Grefenstette and Mehrnoosh Sadrzadeh},
  title = {Experimental Support for a Categorical Compositional Distributional Model of Meaning},
  journal = {CoRR},
  volume = {abs/1106.4058},
  year = 2011,
  ee = {http://arxiv.org/abs/1106.4058},
  bibsource = {DBLP, http://dblp.uni-trier.de}
}

@PHDThesis{GrefenstetteThesis2013,
  title = {Category-Theoretic Quantitative Compositional Distributional Models of Natural Language Semantics},
  author = {Edward Grefenstette},
  year = 2013,
  affiliation = {University of Oxford},
  institution = {University of Oxford},
  location = {Oxford, UK},
  month = {June},
  url = {http://arxiv.org/abs/1311.1539}
}

@InProceedings{plate1991holographic,
  title = {Holographic Reduced Representations: Convolution Algebra for Compositional Distributed Representations.},
  author = {Plate, Tony},
  booktitle = {International Joint Conference on Artificial Intelligence},
  pages = {30--35},
  year = 1991
}

@Article{polajnar2013learning,
  author = {Polajnar, Tamara and Fagarasan, Luana and Clark, Stephen},
  title = {Learning type-driven tensor-based meaning representations},
  journal = {arXiv preprint arXiv:1312.5985},
  year = 2013
}

@Article{giovannetti2008quantum,
  author = {Giovannetti, Vittorio and Lloyd, Seth and Maccone, Lorenzo},
  title = {Quantum random access memory},
  journal = {Physical Review Letters},
  year = 2008,
  volume = 100,
  number = 16,
  pages = 160501
}

@Article{cai2015entanglement,
  author = {Cai, X-D and Wu, D and Su Z-E and Chen, M-C and Wang X-L and Li, Li and Liu, N-L and Lu, C-Y and Pan, J-W},
  title = {Entanglement-Based Machine Learning on a Quantum Computer},
  journal = {Physical Review Letters},
  year = 2015,
  volume = 114,
  number = 11,
  pages = 110504
}

@PHDThesis{dimitriThesis,
  author = {Dimitri Kartsaklis},
  title = {Compositional Distributional Semantics with Compact Closed Categories and Frobenius Algebras},
  school = {University of Oxford},
  year = 2015,
  url = {http://arxiv.org/abs/1505.00138}
}

@Article{piedeleu2015open,
  title = {Open System Categorical Quantum Semantics in Natural Language Processing},
  author = {Piedeleu, Robin and Kartsaklis, Dimitri and Coecke, Bob and Sadrzadeh, Mehrnoosh},
  journal = {arXiv preprint arXiv:1502.00831},
  year = 2015
}

@Article{lloyd2013quantum,
  title = {Quantum algorithms for supervised and unsupervised machine learning},
  author = {Lloyd, Seth and Mohseni, Masoud and Rebentrost, Patrick},
  journal = {arXiv preprint arXiv:1307.0411},
  year = 2013
}